@article{shaikh2013agv,
  title={AGV Path Planning and Obstacle Avoidance Using Dijkstraâ€™s Algorithm},
  author={Shaikh, Er Atique and Dhale, Atul},
  journal={International Journal of Application in Engineering and Mangement (IJAIEM)},
  year={2013}
}

@article{brockfeld2001optimizing,
  title={Optimizing traffic lights in a cellular automaton model for city traffic},
  author={Brockfeld, Elmar and Barlovic, Robert and Schadschneider, Andreas and Schreckenberg, Michael},
  journal={Physical Review E},
  volume={64},
  number={5},
  pages={056132},
  year={2001},
  publisher={APS}
}

@article{munteanmobile,
  title={Mobile Robot Navigation on Partially Known Maps using a Fast A Algorithm Version},
  author={Muntean, Paul}
}

@article{wojnicki2015robust,
  title={A robust planning algorithm for groups of entities in discrete spaces},
  author={Wojnicki, Igor and Ernst, Sebastian and Turek, Wojciech},
  journal={Entropy},
  volume={17},
  number={8},
  pages={5422--5436},
  year={2015},
  publisher={Multidisciplinary Digital Publishing Institute}
}

@incollection{delling2009engineering,
  title={Engineering route planning algorithms},
  author={Delling, Daniel and Sanders, Peter and Schultes, Dominik and Wagner, Dorothea},
  booktitle={Algorithmics of large and complex networks},
  pages={117--139},
  year={2009},
  publisher={Springer}
}

@article{dechter1985generalized,
  title={Generalized best-first search strategies and the optimality of A},
  author={Dechter, Rina and Pearl, Judea},
  journal={Journal of the ACM (JACM)},
  volume={32},
  number={3},
  pages={505--536},
  year={1985},
  publisher={ACM}
}

@inproceedings{athmaraman2005adaptive,
  title={Adaptive predictive traffic timer control algorithm},
  author={Athmaraman, Naren and Soundararajan, Srivathsan},
  booktitle={Proceedings of the 2005 Mid-Continent Transportation Research Symposium},
  year={2005}
}

@article{szczerba2000robust,
  title={Robust algorithm for real-time route planning},
  author={Szczerba, Robert J and Galkowski, Peggy and Glicktein, IS and Ternullo, Noah},
  journal={IEEE Transactions on Aerospace and Electronic Systems},
  volume={37},
  number={3},
  pages={869--878},
  year={2000},
  publisher={IEEE}
}
